@misc{wiki:udp,
    title = {User Datagram Protocol},
    howpublished = {\url{https://en.wikipedia.org/wiki/User_Datagram_Protocol}},
    note = {Accessed: 28/03/2016}
}
@techreport{rfc768,
    AUTHOR = "J. Postel",
    TITLE = "{User Datagram Protocol}",
    TYPE="{RFC}",
    NUMBER=768,
    YEAR = {1980},
    MONTH = {August},
    URL={https://tools.ietf.org/html/rfc768}
}
